1967 3313
592 271 842 318 Anmerkungen
864 283 920 306 zur
941 278 1074 307 zwenten
1095 271 1210 308 Satire.
1620 268 1673 306 43

130 383 280 429 stelle,
310 383 387 420 wie
417 396 459 420 es
488 383 551 421 fiir
582 382 661 421 deu
683 381 916 421 Satirenton
945 386 1075 431 passt,
1106 381 1177 418 mit
1209 381 1298 419 dem
1324 381 1504 431 heiligen
1527 379 1675 419 Ernste.

129 439 201 478 der
219 438 307 478 Ode
325 439 400 484 III,
417 444 473 484 24,
490 447 533 479 55
545 440 612 478 ff.“
634 439 687 477 Κ.
712 439 753 477 S.
771 443 828 476 20.
866 437 925 474 Zu
945 439 1066 472 militia
1083 437 1164 486 vgl.
1188 438 1290 475 auch
1309 437 1385 476 Od.
1403 438 1480 484 ΙΙΙ,
1499 443 1532 484 2,
1551 443 1573 476 2
1592 436 1676 475 und

130 496 207 546 Ep.
230 495 262 540 Ι,
285 500 318 542 2,
341 500 399 534 67.
445 495 583 533 Ueber
608 495 679 532 das
701 493 838 543 Jagen
863 493 922 530 als
943 491 1165 542 Voriibuug
1187 492 1257 530 des
1280 494 1429 543 Kriegs
1454 508 1484 532 S.
1508 493 1675 532 besond.

130 551 319 602 Xenoph.
337 551 495 602 Kyrop.
519 551 550 598 I,
568 557 601 597 2,
621 558 676 590 10.
713 549 851 589 Ueber
867 551 970 596 pila
994 561 1024 584 S.
1042 548 1245 586 Kirchner
1266 562 1316 586 zu
1332 551 1362 595 Ι,
1380 556 1412 595 6,
1434 556 1511 590 126.
1535 550 1577 588 S.
1595 556 1675 590 251.

244 607 294 644 V.
324 603 387 645 14.
436 637 458 654 „
475 610 591 644 Bentl.
623 609 740 644 multis
770 607 948 652 exemplis
975 605 1126 640 ostendit
1152 606 1275 642 vocab.
1308 608 1570 643 extundere
1603 619 1675 643 non

130 666 202 701 nisi
218 675 329 701 sensu
350 666 570 709 inveniendi,
592 663 824 710 acquirendi,
846 662 1090 708 extorquendi
1109 671 1178 696 usu
1200 663 1335 698 venire.
1385 662 1486 698 Licet
1505 665 1675 710 exempla

130 734 153 758 a
183 722 351 757 Wetzetio
373 719 411 770 (e
437 718 557 757 Celso
582 718 659 766 IV,
683 715 723 766 5)
746 723 780 754 et
799 718 876 753 Fen
903 715 942 766 (e
964 715 1135 765 Quintil.
1153 716 1255 754 Inst.
1277 716 1310 763 Ι,
1333 723 1366 763 3,
1388 716 1427 763 6)
1456 720 1567 754 allata
1589 720 1680 754 nihil

129 781 258 814 contra
279 779 444 821 valeant,
469 780 589 811 tamen
609 787 690 811 cum
718 775 878 811 Gesnero
903 775 1094 809 sentimus:
1125 775 1220 809 (lura
1242 775 1306 809 lea:
1331 775 1449 821 suerit
1474 776 1508 810 si
1525 776 1677 810 reiicere

128 835 276 870 velimus
311 834 434 868 omnia
469 833 581 867 semel
613 835 750 867 tantum
788 830 1020 866 observata.“
1067 829 1120 866 K.
1150 842 1189 879 p.
1211 834 1245 868 4.
1293 828 1590 876 Mstscherlich,
1624 830 1677 866 im

130 887 347 936 Gottinger
375 886 786 936 Prorectoratsprogr.
820 898 900 922 von
933 890 1040 931 1826,
1069 898 1108 934 p.
1133 891 1152 926 7
1172 885 1199 923 f.
1237 885 1322 922 tritt
1354 886 1394 922 in
1423 886 1580 923 Betreff
1606 884 1678 923 der

128 942 429 993 Missbilligung
449 956 529 980 von
549 944 731 980 eoetuderit
751 941 824 979 auf
840 941 1050 994 Bentley's
1067 940 1190 989 Seite,
1214 941 1347 978 indem
1368 955 1410 978 er
1432 940 1489 991 (p.
1507 939 1548 989 8)
1567 946 1676 991 sagt:

130 1001 383 1037 extunduntur
404 1012 435 1036 v.
458 1011 490 1036 c.
517 1001 643 1036 malleo
662 1004 794 1047 partes
815 999 984 1035 deorsum
1001 1009 1177 1045 pressae,
1206 999 1318 1035 oeulis
1347 1000 1438 1035 adeo
1458 999 1678 1038 subductae,-

129 1058 199 1103 ita,
229 1068 335 1103 quum
361 1058 589 1103 superficiem
612 1060 771 1103 aequant
789 1060 852 1091 aut
871 1055 979 1090 altius
999 1056 1089 1090 adeo
1110 1056 1332 1099 tunduntur,
1357 1055 1620 1102 proferuntur,
1641 1058 1678 1091 in

128 1117 360 1160 conspectum
386 1114 549 1149 veniunt,
575 1122 690 1159 neque
714 1122 798 1147 vero
827 1123 850 1146 a
876 1121 1033 1157 corpore
1057 1121 1124 1147 suo
1145 1113 1384 1147 eweutiuntur
1413 1116 1521 1158 atque
1549 1113 1676 1157 expet-

129 1170 267 1204 luntur.
313 1170 378 1204 Ea·
399 1170 479 1215 ipsa
503 1169 575 1204 hac
597 1168 695 1204 verbi
714 1169 943 1214 proprietate
959 1168 1149 1203 translatio
1170 1169 1246 1203 eius
1268 1167 1438 1213 loquendi
1455 1177 1525 1202 usu
1546 1169 1676 1203 consti-

131 1230 203 1260 tuta
229 1229 335 1272 atque
354 1226 633 1270 circumscripta
653 1227 716 1259 est.
754 1223 945 1270 Inyenium
975 1224 1141 1258 extundit
1168 1224 1306 1270 aliquid
1331 1224 1522 1258 intentiore
1546 1223 1675 1265 studio,

131 1281 359 1316 meditatione
373 1281 526 1327 profert
540 1281 677 1327 aliquid
690 1281 789 1326 quod
807 1280 1013 1315 abstrusum
1031 1279 1152 1315 adhuc
1168 1290 1213 1314 ae
1229 1279 1450 1314 reconditum
1472 1283 1555 1314 erat
1568 1280 1677 1316 adeo-

131 1347 199 1383 que
226 1338 384 1383 reperit,
413 1339 564 1372 invenit.-
594 1337 711 1371 attera
739 1336 972 1382 myrtilis-atio,
1002 1345 1096 1381 quae
1125 1339 1178 1370 est
1205 1335 1435 1376 obtinere.
1469 1346 1491 1369 a
1517 1337 1678 1380 repetitis

131 1393 252 1428 mallei
260 1392 428 1438 pulsibus
449 1392 672 1428 arcessenda
693 1396 746 1426 est
763 1392 894 1438 quibus
914 1391 1051 1437 aliquid
1064 1391 1260 1437 perficitur
1280 1389 1375 1433 (wie
1396 1389 1493 1428 Ter.
1516 1390 1620 1427 Hec.
1644 1390 1676 1433 Ι,

131 1453 164 1494 2,
182 1452 239 1487 28.
271 1446 406 1483 Plaut.
425 1447 543 1484 Most.
562 1447 592 1492 I,
606 1454 638 1492 3,
657 1445 733 1495 64).
774 1445 940 1483 Ebenso
960 1446 1092 1495 wenig
1111 1445 1207 1483 aber
1229 1444 1362 1495 billigt
1376 1445 1536 1484 Mitseh.
1553 1446 1675 1483 Bent-

130 1503 233 1554 ley‘s
259 1505 459 1550 expulerit,
493 1502 574 1540 und
603 1502 702 1539 iiber
725 1501 916 1540 Gesner's
952 1503 1050 1538 (lura
1082 1504 1144 1538 Iex
1175 1501 1361 1539 bemerkt
1391 1515 1453 1539 er:
1488 1505 1586 1551 quod
1614 1506 1680 1539 etsi

130 1561 285 1607 quodam
310 1564 411 1596 tenus
431 1561 631 1596 concedere
648 1561 740 1605 lieet,
761 1571 831 1595 non
852 1569 892 1594 eo
908 1569 1021 1605 usque
1039 1563 1157 1595 tamen
1177 1561 1287 1595 licere
1303 1560 1342 1594 icl
1355 1559 1518 1596 arbitror
1534 1565 1571 1595 ut
1589 1571 1676 1595 eon-

131 1618 286 1652 trariam
303 1627 466 1663 prorsus
489 1618 632 1663 vulyari
657 1617 951 1663 significationem
976 1617 1088 1652 alicui
1108 1616 1212 1651 rerbo
1236 1617 1315 1651 sine
1340 1617 1439 1651 omni
1465 1618 1679 1652 (luctoritale

131 1672 346 1716 affricemus
366 1677 472 1719 atque
505 1673 758 1708 obmittamus.-
793 1669 1048 1708 entscheidet
1082 1670 1166 1708 sich
1197 1670 1396 1707 vielmehr
1423 1671 1676 1709 sehliesslich

133 1726 197 1762 fiir
215 1729 454 1773 extulerit,
479 1727 538 1764 als
560 1740 632 1764 non
653 1730 774 1764 minus
785 1730 964 1774 poeticum
984 1732 1017 1763 et
1036 1726 1094 1764 rei
1112 1730 1282 1775 apprime
1301 1730 1579 1764 convenientem.
1606 1729 1677 1764 La-

134 1781 198 1816 bor
218 1784 327 1829 effert
349 1794 368 1818 e
387 1794 562 1831 corpore,
595 1785 714 1820 educit
732 1786 842 1831 quasi
856 1783 1029 1831 fastidia,
1051 1785 1134 1820 ctum
1159 1785 1280 1832 abiyit,
1305 1785 1455 1829 expellit
1474 1795 1517 1820 ea
1530 1800 1541 1821 ,·
1557 1795 1674 1831 prae-

135 1837 240 1871 clara
268 1840 435 1884 imagine.
478 1841 647 1876 Similiter
679 1845 800 1876 noster
822 1839 898 1889 Ep.
921 1839 962 1882 I,
986 1845 1024 1886 2,
1046 1845 1087 1879 47
1122 1842 1284 1878 clecluaeil.
1338 1839 1432 1888 Vgl.
1456 1839 1553 1876 aber
1575 1840 1676 1877 auch

138 1889 267 1928 Orelli
286 1891 368 1927 und
387 1893 539 1931 XVeber
567 1894 608 1933 S.
632 1900 700 1935 273
715 1896 757 1941 f.‚
787 1896 908 1933 sowie
931 1896 1054 1946 Apitz
1075 1909 1114 1946 p.
1139 1902 1214 1942 106,
1239 1895 1417 1933 welcher
1437 1896 1586 1945 riehtig
1607 1896 1675 1934 be-

136 1945 285 1991 merkt,
314 1958 405 1983 man
433 1952 565 1986 miisse
585 1950 651 1987 bei
677 1953 880 1988 extundere
904 1951 1218 1990 unterscheiden
1249 1952 1299 1989 ob
1325 1951 1395 1989 das
1419 1951 1568 2001 Object
1589 1951 1677 1990 des-

136 2000 279 2038 selben
310 2006 434 2038 etwas
466 2003 589 2041 schon
622 2005 954 2056 Gegenwiirtiges
990 2009 1049 2045 sei
1082 2007 1180 2045 oder
1208 2007 1343 2045 nieht:
1386 2010 1488 2045 atiud
1518 2015 1571 2045 est
1600 2021 1677 2046 rem

135 2060 206 2093 iam
221 2063 453 2104 praesentem
474 2062 693 2106 exlumtere,
717 2065 816 2099 atiud
835 2075 911 2099 rem
931 2066 1087 2101 nondum
1106 2069 1340 2111 praesentem
1359 2066 1573 2101 eoetundere.
1612 2068 1677 2101 At-

135 2119 249 2150 terum
272 2115 453 2161 signifieat
482 2116 666 2151 tundendo
695 2128 879 2155 removere
908 2117 1258 2170 (hinausklopfen)
1273 2148 1281 2163 ,
1313 2122 1466 2156 alterum
1498 2122 1678 2157 tundendo

127 2180 342 2217 promovere
370 2169 742 2220 (herausklopfen),
771 2173 845 2210 wie
877 2175 978 2212 auch
1002 2181 1196 2221 eoecutere,
1221 2178 1433 2222 eoeprimere
1451 2175 1534 2212 und
1553 2181 1680 2213 esctor-

133 2236 246 2273 quere
272 2225 495 2274 gebraucht
524 2225 706 2271 werden,
743 2240 786 2263 so
810 2227 902 2266 dass
923 2230 1058 2269 Horaz
1083 2233 1233 2269 extund.
1263 2233 1354 2279 fast.
1374 2232 1445 2268 mit
1475 2231 1676 2281 gleichem

132 2281 289 2319 Rechte
309 2288 452 2331 gesagt
473 2282 576 2320 habe
597 2283 671 2319 wie.
693 2281 853 2320 Seneca
874 2285 949 2334 Ep.
977 2294 1040 2327 119
1058 2290 1240 2334 fastidium
1263 2293 1447 2324 excutere.

244 2337 294 2375 V.
321 2336 381 2375 16.
428 2344 581 2375 atrum
607 2340 779 2375 hiemat
808 2339 989 2378 verband
1013 2343 1214 2380 Kirclmor
1242 2343 1367 2380 sehon
1404 2347 1510 2387 1817,
1543 2343 1676 2381 iudom

134 2407 176 2431 er
206 2393 437 2431 bemerkte:
473 2396 583 2432 hiemi
607 2395 752 2444 quidem
785 2400 1036 2435 convenienter
1067 2401 1243 2446 epitheton
1276 2405 1385 2436 atra
1417 2400 1606 2445 tribuitur,
1643 2406 1680 2437 ut

133 2451 236 2497 apud
263 2451 388 2498 l’iryil.
411 2453 501 2487 Aen.
532 2452 626 2495 VII,
646 2457 714 2491 214
739 2457 823 2488 atra
846 2455 982 2501 subeyit
1007 2455 1136 2498 hiems.
1168 2461 1201 2492 et
1228 2459 1395 2503 saepius;
1421 2461 1459 2492 at
1482 2467 1586 2493 mare
1605 2469 1677 2493 non

132 2509 204 2542 nisi
230 2509 263 2542 in
289 2508 455 2552 procella
482 2509 664 2554 niyrescit.
710 2507 834 2545 Danu
865 2509 915 2546 ist
948 2523 990 2548 es
1020 2510 1118 2548 aber
1149 2511 1234 2549 also
1261 2511 1389 2549 selbst
1417 2512 1520 2549 auch
1543 2518 1677 2559 atrmn,

130 2560 274 2599 sobald
299 2575 343 2599 es
366 2567 520 2600 stiirmt.

244 2617 294 2655 V.
319 2615 382 2656 20.
431 2621 842 2665 „pulmentarium
873 2620 926 2658 ist
945 2619 1063 2660 Alles
1091 2635 1174 2659 was
1203 2635 1292 2660 zum
1313 2621 1448 2660 Brode.
1478 2636 1679 2672 gegessen

132 2672 253 2720 wird,
287 2672 351 2712 die
372 2674 658 2724 Fischspeisen
689 2687 1020 2725 ausgenommen,
1052 2679 1115 2715 fiir
1143 2677 1208 2715 die
1232 2678 1457 2715 besonders
1482 2678 1553 2716 der
1573 2679 1678 2717 Aus-

133 2729 260 2767 druck
290 2733 437 2767 obsonia
463 2731 560 2780 galt.
608 2730 745 2767 Horaz
772 2730 917 2769 driickt
948 2731 1170 2771 denselben
1200 2733 1430 2772 Gedanken
1455 2733 1679 2774 deutlicher

133 2798 204 2822 aus
230 2786 308 2836 Ep.
329 2786 361 2833 I,
387 2793 440 2832 18,
462 2793 507 2827 48
528 2787 582 2825 f.“
613 2786 816 2824 Kirchnor
841 2787 881 2825 S.
906 2794 962 2827 21.

242 2841 294 2879 V.
317 2839 382 2880 21.
431 2845 615 2892 „Neque
649 2846 907 2880 restituendum
937 2847 1040 2881 etiam
1072 2843 1149 2883 Od.
1172 2844 1226 2890 II,
1247 2851 1279 2890 9,
1301 2852 1335 2885 5.
1367 2851 1422 2892 16,
1443 2851 1478 2885 8.
1518 2845 1595 2893 ΙΠ,
1624 2854 1676 2895 11,

131 2901 189 2936 43.
223 2902 277 2943 12,
301 2904 334 2937 1.
365 2897 436 2947 IV,
457 2904 489 2948 4,
511 2905 576 2948 313
608 2901 643 2936 in
666 2901 805 2948 Epodis
825 2903 986 2948 saepius,
1017 2904 1053 2938 in
1076 2902 1314 2939 Sermonibus
1343 2907 1420 2943 ter:
1448 2904 1485 2939 in
1505 2904 1679 2951 Epistolis
